<record><leader>00000cas a22000007a 4500</leader><controlfield tag="001">9224235</controlfield><controlfield tag="008">830215d19091915okuwr ne      0   a0eng d</controlfield><datafield ind1=" " ind2=" " tag="010"><subfield code="a">sn 83025036 </subfield></datafield><datafield ind1=" " ind2=" " tag="040"><subfield code="a">WIH</subfield><subfield code="b">eng</subfield><subfield code="c">WIH</subfield><subfield code="d">NPV</subfield><subfield code="d">WIH</subfield><subfield code="d">OBN</subfield><subfield code="d">OCLCQ</subfield></datafield><datafield ind1=" " ind2=" " tag="042"><subfield code="a">msc</subfield></datafield><datafield ind1=" " ind2=" " tag="043"><subfield code="a">n-us-ok</subfield></datafield><datafield ind1=" " ind2=" " tag="045"><subfield code="a">x0x1</subfield></datafield><datafield ind1=" " ind2=" " tag="052"><subfield code="a">4023</subfield><subfield code="b">A7</subfield></datafield><datafield ind1="0" ind2="4" tag="245"><subfield code="a">The Caney leader.</subfield></datafield><datafield ind1=" " ind2=" " tag="260"><subfield code="a">Caney, Okla. :</subfield><subfield code="b">R.C. Savage</subfield></datafield><datafield ind1=" " ind2=" " tag="300"><subfield code="a">v.</subfield></datafield><datafield ind1=" " ind2=" " tag="310"><subfield code="a">Weekly</subfield></datafield><datafield ind1="0" ind2=" " tag="362"><subfield code="a">Vol. 2, no. 14 (June 3, 1915).</subfield></datafield><datafield ind1="1" ind2=" " tag="362"><subfield code="a">Began in 1909.</subfield></datafield><datafield ind1=" " ind2=" " tag="515"><subfield code="a">Vol. and issue nos. irregular.</subfield></datafield><datafield ind1=" " ind2=" " tag="588"><subfield code="a">Description based on: Feb. 11, 1910.</subfield></datafield><datafield ind1=" " ind2="4" tag="651"><subfield code="a">Caney (Okla.)</subfield><subfield code="v">Newspapers.</subfield></datafield><datafield ind1=" " ind2="4" tag="651"><subfield code="a">Atoka County (Okla.)</subfield><subfield code="v">Newspapers.</subfield></datafield><datafield ind1=" " ind2=" " tag="752"><subfield code="a">United States</subfield><subfield code="b">Oklahoma</subfield><subfield code="c">Atoka</subfield><subfield code="d">Caney.</subfield></datafield><datafield ind1="0" ind2="0" tag="785"><subfield code="t">Caney Democrat and Caney leader</subfield><subfield code="w">(DLC)sn 83025038</subfield></datafield><datafield ind1="1" ind2=" " tag="029"><subfield code="a">AU@</subfield><subfield code="b">000025806164</subfield></datafield></record>